<?xml version="1.0" encoding="UTF-8"?><collection xmlns="http://www.loc.gov/MARC21/slim"><record><leader>00486nam--2200169-i-4500</leader><controlfield tag="001">000029683</controlfield><controlfield tag="002">20161230</controlfield><controlfield tag="005">20170118191244</controlfield><controlfield tag="008">060222s1000------------r-----000-0-eng-d</controlfield><datafield ind1=" " ind2=" " tag="080"><subfield code="a">621.375.826(061.3)</subfield></datafield><datafield ind1=" " ind2=" " tag="245"><subfield code="a">Laser and electron - beam solid interactions and materials processing</subfield></datafield><datafield ind1=" " ind2=" " tag="260"><subfield code="a">New York</subfield><subfield code="b">North Holland</subfield><subfield code="c">1981</subfield></datafield><datafield ind1=" " ind2=" " tag="300"><subfield code="a">XIII + 629 p</subfield></datafield><datafield ind1=" " ind2=" " tag="490"><subfield code="a">Materials Research Society Symposia</subfield></datafield><datafield ind1=" " ind2=" " tag="700"><subfield code="a">Sigmon, T. W</subfield></datafield><datafield ind1=" " ind2=" " tag="852"><subfield code="a">49226</subfield></datafield><datafield ind1=" " ind2=" " tag="CAT"><subfield code="a">SYS</subfield><subfield code="c">20170118</subfield><subfield code="h">191244</subfield></datafield></record></collection>